<?xml version="1.0" encoding="UTF-8"?><collection xmlns="http://www.loc.gov/MARC21/slim"><record><leader>00386nam--2200133-i-4500</leader><controlfield tag="001">000041035</controlfield><controlfield tag="002">20161230</controlfield><controlfield tag="005">20161230201042</controlfield><controlfield tag="008">060222s1000------------r-----000-0-eng-d</controlfield><datafield ind1=" " ind2=" " tag="100"><subfield code="a">Seaborg, Glenn T</subfield></datafield><datafield ind1=" " ind2=" " tag="245"><subfield code="a">Man-made transuranium elements</subfield></datafield><datafield ind1=" " ind2=" " tag="260"><subfield code="a">Englewood Cliffs, N.J., Prentice-hall, 1963, Viii+120p</subfield></datafield><datafield ind1=" " ind2=" " tag="490"><subfield code="a">Foundations Of Modern General Chemisstry Series</subfield></datafield><datafield ind1=" " ind2=" " tag="852"><subfield code="a">19754</subfield></datafield></record></collection>